@book{Russell:2003:AIM:773294,
	 author = {Russell, Stuart J. and Norvig, Peter},
	 title = {Artificial Intelligence: A Modern Approach},
	 year = {2003},
	 isbn = {0137903952},
	 edition = {2},
	 publisher = {Pearson Education},
	} 