@INPROCEEDINGS{1223777, 
	author={Chi-Hwa Song and Kyunghee Lee and Won Don Lee}, 
	booktitle={Neural Networks, 2003. Proceedings of the International Joint Conference on}, 
	title={Extended simulated annealing for augmented TSP and multi-salesmen TSP}, 
	year={2003}, 
	volume={3}, 
	pages={2340-2343 vol.3}, 
	keywords={convergence of numerical methods;simulated annealing;travelling salesman problems;ATSP;augmented traveling salesman problems;convergence;extended simulated annealing;grand canonical ensemble;multiple traveling salesmen problems;Application software;Chemicals;Cities and towns;Computational modeling;Computer science;Computer simulation;Simulated annealing;Thermodynamics;Traveling salesman problems;Vehicles}, 
	doi={10.1109/IJCNN.2003.1223777}, 
	ISSN={1098-7576},}