@ARTICLE{363424, 
	author={Gee, A.H. and Prager, R.W.}, 
	journal={Neural Networks, IEEE Transactions on}, 
	title={Limitations of neural networks for solving traveling salesman problems}, 
	year={1995}, 
	volume={6}, 
	number={1}, 
	pages={280-282}, 
	keywords={eigenvalues and eigenfunctions;feedforward neural nets;travelling salesman problems;annealed network dynamics;combinatorial optimization;eigenvector basis;feedback neural networks;linearized analysis;traveling salesman problems;Annealing;Councils;Eigenvalues and eigenfunctions;Equations;Lyapunov method;Neural network hardware;Neural networks;Neurofeedback;Prototypes;Traveling salesman problems}, 
	doi={10.1109/72.363424}, 
	ISSN={1045-9227},}