@ARTICLE{484436, 
	author={Dorigo, M. and Maniezzo, V. and Colorni, A.}, 
	journal={Systems, Man, and Cybernetics, Part B: Cybernetics, IEEE Transactions on}, 
	title={Ant system: optimization by a colony of cooperating agents}, 
	year={1996}, 
	volume={26}, 
	number={1}, 
	pages={29-41}, 
	keywords={feedback;optimisation;robust control;search problems;simulated annealing;stochastic programming;travelling salesman problems;ant colonies;ant system;computational paradigm;constructive greedy heuristic;cooperating agents;distributed communication;distributed computation;global data structure revision;job-shop scheduling;optimization;parameter selection;positive feedback;probabilistic transitions;quadratic assignment;simulated annealing;stochastic combinatorial optimization;tabu search;traveling salesman problem;Ant colony optimization;Artificial intelligence;Computational modeling;Data structures;Distributed computing;Feedback;Intelligent robots;Robustness;Simulated annealing;Traveling salesman problems}, 
	doi={10.1109/3477.484436}, 
	ISSN={1083-4419},}