@article{afaq2011solutions,
	  title={On the solutions to the travelling salesman problem using nature inspired computing techniques},
	  author={Afaq, Hifza and Saini, Sanjay},
	  journal={IJCSI International Journal of Computer Science Issues},
	  volume={8},
	  number={4},
	  pages={326--334},
	  year={2011}
	}