@article{
	year={1985},
	issn={0022-3239},
	journal={Journal of Optimization Theory and Applications},
	volume={45},
	number={1},
	doi={10.1007/BF00940812},
	title={Thermodynamical approach to the traveling salesman problem: An efficient simulation algorithm},
	url={http://dx.doi.org/10.1007/BF00940812},
	publisher={Kluwer Academic Publishers-Plenum Publishers},
	keywords={Traveling salesman problem; Monte Carlo optimization; importance sampling},
	author={Černý, V.},
	pages={41-51},
	language={English}
	}