This is pdfTeX, Version 3.1415926-2.4-1.40.13 (MiKTeX 2.9 64-bit) (preloaded format=pdflatex 2013.10.24)  25 NOV 2013 21:27
entering extended mode
**finalreport.tex

(C:\Users\evan\Documents\UCD-CSI-4thYear\NaturalComputing\Project\finalreport.t
ex
LaTeX2e <2011/06/27>
Babel <v3.8m> and hyphenation patterns for english, afrikaans, ancientgreek, ar
abic, armenian, assamese, basque, bengali, bokmal, bulgarian, catalan, coptic, 
croatian, czech, danish, dutch, esperanto, estonian, farsi, finnish, french, ga
lician, german, german-x-2012-05-30, greek, gujarati, hindi, hungarian, iceland
ic, indonesian, interlingua, irish, italian, kannada, kurmanji, latin, latvian,
 lithuanian, malayalam, marathi, mongolian, mongolianlmc, monogreek, ngerman, n
german-x-2012-05-30, nynorsk, oriya, panjabi, pinyin, polish, portuguese, roman
ian, russian, sanskrit, serbian, slovak, slovenian, spanish, swedish, swissgerm
an, tamil, telugu, turkish, turkmen, ukenglish, ukrainian, uppersorbian, usengl
ishmax, welsh, loaded.
("C:\Program Files\MiKTeX 2.9\tex\latex\base\article.cls"
Document Class: article 2007/10/19 v1.4h Standard LaTeX document class
("C:\Program Files\MiKTeX 2.9\tex\latex\base\size10.clo"
File: size10.clo 2007/10/19 v1.4h Standard LaTeX file (size option)
)
\c@part=\count79
\c@section=\count80
\c@subsection=\count81
\c@subsubsection=\count82
\c@paragraph=\count83
\c@subparagraph=\count84
\c@figure=\count85
\c@table=\count86
\abovecaptionskip=\skip41
\belowcaptionskip=\skip42
\bibindent=\dimen102
)
("C:\Program Files\MiKTeX 2.9\tex\latex\graphics\epsfig.sty"
Package: epsfig 1999/02/16 v1.7a (e)psfig emulation (SPQR)

("C:\Program Files\MiKTeX 2.9\tex\latex\graphics\graphicx.sty"
Package: graphicx 1999/02/16 v1.0f Enhanced LaTeX Graphics (DPC,SPQR)

("C:\Program Files\MiKTeX 2.9\tex\latex\graphics\keyval.sty"
Package: keyval 1999/03/16 v1.13 key=value parser (DPC)
\KV@toks@=\toks14
)
("C:\Program Files\MiKTeX 2.9\tex\latex\graphics\graphics.sty"
Package: graphics 2009/02/05 v1.0o Standard LaTeX Graphics (DPC,SPQR)

("C:\Program Files\MiKTeX 2.9\tex\latex\graphics\trig.sty"
Package: trig 1999/03/16 v1.09 sin cos tan (DPC)
)
("C:\Program Files\MiKTeX 2.9\tex\latex\00miktex\graphics.cfg"
File: graphics.cfg 2007/01/18 v1.5 graphics configuration of teTeX/TeXLive
)
Package graphics Info: Driver file: pdftex.def on input line 91.

("C:\Program Files\MiKTeX 2.9\tex\latex\pdftex-def\pdftex.def"
File: pdftex.def 2011/05/27 v0.06d Graphics/color for pdfTeX

("C:\Program Files\MiKTeX 2.9\tex\generic\oberdiek\infwarerr.sty"
Package: infwarerr 2010/04/08 v1.3 Providing info/warning/error messages (HO)
)
("C:\Program Files\MiKTeX 2.9\tex\generic\oberdiek\ltxcmds.sty"
Package: ltxcmds 2011/11/09 v1.22 LaTeX kernel commands for general use (HO)
)
\Gread@gobject=\count87
))
\Gin@req@height=\dimen103
\Gin@req@width=\dimen104
)
\epsfxsize=\dimen105
\epsfysize=\dimen106
)
(C:\Users\evan\Documents\UCD-CSI-4thYear\NaturalComputing\Project\psfig.sty)
("C:\Program Files\MiKTeX 2.9\tex\latex\ltxmisc\url.sty"
\Urlmuskip=\muskip10
Package: url 2006/04/12  ver 3.3  Verb mode for urls, etc.
)
("C:\Program Files\MiKTeX 2.9\tex\latex\filecontents\filecontents.sty"
Package: filecontents 2011/10/08 v1.3 Create an external file from within a LaT
eX document
)
("C:\Program Files\MiKTeX 2.9\tex\latex\listings\listings.sty"
\lst@mode=\count88
\lst@gtempboxa=\box26
\lst@token=\toks15
\lst@length=\count89
\lst@currlwidth=\dimen107
\lst@column=\count90
\lst@pos=\count91
\lst@lostspace=\dimen108
\lst@width=\dimen109
\lst@newlines=\count92
\lst@lineno=\count93
\lst@maxwidth=\dimen110

("C:\Program Files\MiKTeX 2.9\tex\latex\listings\lstmisc.sty"
File: lstmisc.sty 2007/02/22 1.4 (Carsten Heinz)
\c@lstnumber=\count94
\lst@skipnumbers=\count95
\lst@framebox=\box27
)
("C:\Program Files\MiKTeX 2.9\tex\latex\listings\listings.cfg"
File: listings.cfg 2007/02/22 1.4 listings configuration
))
Package: listings 2007/02/22 1.4 (Carsten Heinz)

(C:\Users\evan\Documents\UCD-CSI-4thYear\NaturalComputing\Project\finalreport.a
ux

LaTeX Warning: Label `table:params' multiply defined.

)
LaTeX Font Info:    Checking defaults for OML/cmm/m/it on input line 9.
LaTeX Font Info:    ... okay on input line 9.
LaTeX Font Info:    Checking defaults for T1/cmr/m/n on input line 9.
LaTeX Font Info:    ... okay on input line 9.
LaTeX Font Info:    Checking defaults for OT1/cmr/m/n on input line 9.
LaTeX Font Info:    ... okay on input line 9.
LaTeX Font Info:    Checking defaults for OMS/cmsy/m/n on input line 9.
LaTeX Font Info:    ... okay on input line 9.
LaTeX Font Info:    Checking defaults for OMX/cmex/m/n on input line 9.
LaTeX Font Info:    ... okay on input line 9.
LaTeX Font Info:    Checking defaults for U/cmr/m/n on input line 9.
LaTeX Font Info:    ... okay on input line 9.
 ("C:\Program Files\MiKTeX 2.9\tex\context\base\supp-pdf.mkii"
[Loading MPS to PDF converter (version 2006.09.02).]
\scratchcounter=\count96
\scratchdimen=\dimen111
\scratchbox=\box28
\nofMPsegments=\count97
\nofMParguments=\count98
\everyMPshowfont=\toks16
\MPscratchCnt=\count99
\MPscratchDim=\dimen112
\MPnumerator=\count100
\makeMPintoPDFobject=\count101
\everyMPtoPDFconversion=\toks17
)
\c@lstlisting=\count102
LaTeX Font Info:    External font `cmex10' loaded for size
(Font)              <12> on input line 17.
LaTeX Font Info:    External font `cmex10' loaded for size
(Font)              <8> on input line 17.
LaTeX Font Info:    External font `cmex10' loaded for size
(Font)              <6> on input line 17.


LaTeX Warning: Citation `New operators of genetic algorithms for traveling sale
sman problem' on page 1 undefined on input line 24.


LaTeX Warning: Citation `Extended simulated annealing for augmented TSP and mul
ti-salesmen TSP' on page 1 undefined on input line 24.


LaTeX Warning: Citation `Limitations of neural networks for solving traveling s
alesman problems' on page 1 undefined on input line 24.


LaTeX Warning: Citation `Ant system: optimization by a colony of cooperating ag
ents' on page 1 undefined on input line 24.


LaTeX Warning: Citation `On the solutions to the travelling salesman problem us
ing nature inspired computing techniques' on page 1 undefined on input line 24.


[1

{C:/ProgramData/MiKTeX/2.9/pdftex/config/pdftex.map}]

LaTeX Warning: Citation `Kennedy and Eberhart 1995' on page 2 undefined on inpu
t line 26.


LaTeX Warning: Citation `Optimization by Simulated Annealing' on page 2 undefin
ed on input line 29.

Missing character: There is no Ä in font cmr10!
Missing character: There is no Œ in font cmr10!
Missing character: There is no Ã in font cmr10!
Missing character: There is no ½ in font cmr10!

LaTeX Warning: Citation `Journal of Optimization Theory and Applications' on pa
ge 2 undefined on input line 29.


LaTeX Warning: Citation `Equation of State Calculations by Fast Computing Machi
nes' on page 2 undefined on input line 29.

[2]
LaTeX Font Info:    External font `cmex10' loaded for size
(Font)              <7> on input line 39.
LaTeX Font Info:    External font `cmex10' loaded for size
(Font)              <5> on input line 39.
 [3]
LaTeX Font Info:    Try loading font information for OML+cmr on input line 50.
 ("C:\Program Files\MiKTeX 2.9\tex\latex\base\omlcmr.fd"
File: omlcmr.fd 1999/05/25 v2.5h Standard LaTeX font definitions
)
LaTeX Font Info:    Font shape `OML/cmr/m/n' in size <10> not available
(Font)              Font shape `OML/cmm/m/it' tried instead on input line 50.
LaTeX Font Info:    Try loading font information for OMS+cmr on input line 50.

("C:\Program Files\MiKTeX 2.9\tex\latex\base\omscmr.fd"
File: omscmr.fd 1999/05/25 v2.5h Standard LaTeX font definitions
)
LaTeX Font Info:    Font shape `OMS/cmr/m/n' in size <10> not available
(Font)              Font shape `OMS/cmsy/m/n' tried instead on input line 50.

Overfull \hbox (51.00403pt too wide) in paragraph at lines 53--54
[][][][][][][][][][][][][][][][][][][][][][][][] 
 []


Underfull \hbox (badness 10000) in paragraph at lines 71--72

 []

[4] [5] [6] <AverageBestScore-PSO.png, id=29, 454.69875pt x 255.95625pt>
File: AverageBestScore-PSO.png Graphic file (type png)

<use AverageBestScore-PSO.png>
Package pdftex.def Info: AverageBestScore-PSO.png used on input line 154.
(pdftex.def)             Requested size: 227.34882pt x 127.9778pt.

<AverageBestScore-PSO-SA.png, id=30, 454.69875pt x 255.95625pt>
File: AverageBestScore-PSO-SA.png Graphic file (type png)

<use AverageBestScore-PSO-SA.png>
Package pdftex.def Info: AverageBestScore-PSO-SA.png used on input line 155.
(pdftex.def)             Requested size: 227.34882pt x 127.9778pt.

<MeanAverage-PSO.png, id=31, 454.69875pt x 255.95625pt>
File: MeanAverage-PSO.png Graphic file (type png)

<use MeanAverage-PSO.png>
Package pdftex.def Info: MeanAverage-PSO.png used on input line 156.
(pdftex.def)             Requested size: 227.34882pt x 127.9778pt.

<MeanAverage-PSO-SA.png, id=32, 454.69875pt x 255.95625pt>
File: MeanAverage-PSO-SA.png Graphic file (type png)

<use MeanAverage-PSO-SA.png>
Package pdftex.def Info: MeanAverage-PSO-SA.png used on input line 157.
(pdftex.def)             Requested size: 227.34882pt x 127.9778pt.

Overfull \hbox (126.91985pt too wide) in paragraph at lines 154--158
[][] []
 []


Overfull \hbox (111.91985pt too wide) in paragraph at lines 154--158
[] [] 
 []


(C:\Users\evan\Documents\UCD-CSI-4thYear\NaturalComputing\Project\finalreport.b
bl)

LaTeX Warning: Empty `thebibliography' environment on input line 169.

[7 <C:/Users/evan/Documents/UCD-CSI-4thYear/NaturalComputing/Project/AverageBes
tScore-PSO.png (PNG copy)> <C:/Users/evan/Documents/UCD-CSI-4thYear/NaturalComp
uting/Project/AverageBestScore-PSO-SA.png (PNG copy)> <C:/Users/evan/Documents/
UCD-CSI-4thYear/NaturalComputing/Project/MeanAverage-PSO.png (PNG copy)> <C:/Us
ers/evan/Documents/UCD-CSI-4thYear/NaturalComputing/Project/MeanAverage-PSO-SA.
png (PNG copy)>] [8]
(C:\Users\evan\Documents\UCD-CSI-4thYear\NaturalComputing\Project\finalreport.a
ux)

LaTeX Warning: There were undefined references.


LaTeX Warning: There were multiply-defined labels.

 ) 
Here is how much of TeX's memory you used:
 2516 strings out of 493921
 36271 string characters out of 3147284
 96327 words of memory out of 3000000
 5812 multiletter control sequences out of 15000+200000
 8809 words of font info for 31 fonts, out of 3000000 for 9000
 841 hyphenation exceptions out of 8191
 34i,7n,32p,1304b,1177s stack positions out of 5000i,500n,10000p,200000b,50000s
<C:/Program Files/MiKTeX 2.9/fonts/type1/public/amsfonts/cm/cmbx10.pfb><C:/Pr
ogram Files/MiKTeX 2.9/fonts/type1/public/amsfonts/cm/cmbx12.pfb><C:/Program Fi
les/MiKTeX 2.9/fonts/type1/public/amsfonts/cm/cmbx9.pfb><C:/Program Files/MiKTe
X 2.9/fonts/type1/public/amsfonts/cm/cmmi10.pfb><C:/Program Files/MiKTeX 2.9/fo
nts/type1/public/amsfonts/cm/cmmi7.pfb><C:/Program Files/MiKTeX 2.9/fonts/type1
/public/amsfonts/cm/cmr10.pfb><C:/Program Files/MiKTeX 2.9/fonts/type1/public/a
msfonts/cm/cmr12.pfb><C:/Program Files/MiKTeX 2.9/fonts/type1/public/amsfonts/c
m/cmr9.pfb><C:/Program Files/MiKTeX 2.9/fonts/type1/public/amsfonts/cm/cmsy10.p
fb>
Output written on finalreport.pdf (8 pages, 182011 bytes).
PDF statistics:
 69 PDF objects out of 1000 (max. 8388607)
 0 named destinations out of 1000 (max. 500000)
 21 words of extra memory for PDF output out of 10000 (max. 10000000)

